<record><leader>00000cas a22000007a 4500</leader><controlfield tag="001">11270427</controlfield><controlfield tag="008">841016d19451954nduwr ne      0    0nor d</controlfield><datafield ind1=" " ind2=" " tag="010"><subfield code="a">sn 84024789 </subfield></datafield><datafield ind1=" " ind2=" " tag="040"><subfield code="a">NPV</subfield><subfield code="b">eng</subfield><subfield code="c">NPV</subfield><subfield code="d">INP</subfield><subfield code="d">DLC</subfield><subfield code="d">INP</subfield><subfield code="d">NOP</subfield><subfield code="d">CRL</subfield><subfield code="d">OCLCQ</subfield><subfield code="d">OCLCF</subfield><subfield code="d">OCLCO</subfield></datafield><datafield ind1="1" ind2=" " tag="029"><subfield code="a">AU@</subfield><subfield code="b">000020442896</subfield></datafield><datafield ind1="0" ind2=" " tag="041"><subfield code="a">noreng</subfield></datafield><datafield ind1=" " ind2=" " tag="042"><subfield code="a">msc</subfield></datafield><datafield ind1=" " ind2=" " tag="043"><subfield code="a">n-us-nd</subfield></datafield><datafield ind1=" " ind2="4" tag="050"><subfield code="a">AN2</subfield><subfield code="b">.N6615x</subfield></datafield><datafield ind1="0" ind2=" " tag="130"><subfield code="a">Normanden (Fargo, N.D. : 1945)</subfield></datafield><datafield ind1="0" ind2="0" tag="245"><subfield code="a">Normanden.</subfield></datafield><datafield ind1="3" ind2="1" tag="246"><subfield code="a">Norseman</subfield><subfield code="f">Feb. 14-Dec. 18, 1952</subfield></datafield><datafield ind1=" " ind2=" " tag="260"><subfield code="a">Fargo, N.D. :</subfield><subfield code="b">I.H. Ulsaker,</subfield><subfield code="c">[1945-</subfield></datafield><datafield ind1=" " ind2=" " tag="300"><subfield code="a">v. :</subfield><subfield code="b">ill. ;</subfield><subfield code="c">56-62 cm.</subfield></datafield><datafield ind1=" " ind2=" " tag="310"><subfield code="a">Weekly</subfield></datafield><datafield ind1="0" ind2=" " tag="362"><subfield code="a">59. aarg., no. 36 (Sept. 6, 1945)-</subfield></datafield><datafield ind1="1" ind2=" " tag="362"><subfield code="a">Ceased in 1954.</subfield></datafield><datafield ind1=" " ind2=" " tag="515"><subfield code="a">Some issues misnumbered and/or misdated.</subfield></datafield><datafield ind1=" " ind2=" " tag="530"><subfield code="a">Available on microfilm from the State Historical Society of North Dakota.</subfield></datafield><datafield ind1=" " ind2=" " tag="546"><subfield code="a">In Norwegian; in Norwegian and English, Feb. 7, 1952-1954.</subfield></datafield><datafield ind1=" " ind2="0" tag="650"><subfield code="a">Norwegians</subfield><subfield code="z">North Dakota</subfield><subfield code="v">Newspapers.</subfield></datafield><datafield ind1=" " ind2="0" tag="650"><subfield code="a">Norwegian Americans</subfield><subfield code="z">North Dakota</subfield><subfield code="v">Newspapers.</subfield></datafield><datafield ind1=" " ind2="0" tag="651"><subfield code="a">Fargo (N.D.)</subfield><subfield code="v">Newspapers.</subfield></datafield><datafield ind1=" " ind2="7" tag="655"><subfield code="a">Newspapers.</subfield><subfield code="2">fast</subfield><subfield code="0">(OCoLC)fst01423814</subfield></datafield><datafield ind1=" " ind2="7" tag="650"><subfield code="a">Norwegian Americans.</subfield><subfield code="2">fast</subfield><subfield code="0">(OCoLC)fst01039354</subfield></datafield><datafield ind1=" " ind2="7" tag="650"><subfield code="a">Norwegians.</subfield><subfield code="2">fast</subfield><subfield code="0">(OCoLC)fst01039481</subfield></datafield><datafield ind1=" " ind2="7" tag="651"><subfield code="a">North Dakota.</subfield><subfield code="2">fast</subfield><subfield code="0">(OCoLC)fst01205582</subfield></datafield><datafield ind1=" " ind2="7" tag="651"><subfield code="a">North Dakota</subfield><subfield code="z">Fargo.</subfield><subfield code="2">fast</subfield><subfield code="0">(OCoLC)fst01211331</subfield></datafield><datafield ind1=" " ind2=" " tag="752"><subfield code="a">United States</subfield><subfield code="b">North Dakota</subfield><subfield code="c">Cass</subfield><subfield code="d">Fargo.</subfield></datafield><datafield ind1="0" ind2="0" tag="780"><subfield code="t">Normanden og visergutten</subfield><subfield code="w">(DLC)sn 83045578</subfield><subfield code="w">(OCoLC)9531198</subfield></datafield><datafield ind1="0" ind2="4" tag="785"><subfield code="t">Decorah-posten og ved arnen</subfield><subfield code="w">(DLC)sn 83045473</subfield><subfield code="w">(OCoLC)1699348</subfield></datafield></record>